<?xml version="1.0" encoding="UTF-8"?>
<record xmlns="http://www.loc.gov/MARC21/slim" xmlns:xsi="http://www.w3.org/2001/XMLSchema-instance" xsi:schemaLocation="http://www.loc.gov/MARC21/slim http://www.loc.gov/standards/marcxml/schema/MARC21slim.xsd">
<leader>     cam a2200349 a 4500</leader>
<controlfield tag="001">001684461</controlfield>
<controlfield tag="003">NNU</controlfield>
<controlfield tag="005">19900210064146.0</controlfield>
<controlfield tag="008">990714r19641899iq            000 0 ara</controlfield>
<datafield tag="010" ind1=" " ind2=" ">
<subfield code="a">ne 65000644 //r</subfield>
</datafield>
<datafield tag="025" ind1=" " ind2=" ">
<subfield code="a">PL480:UAR-5165</subfield>
</datafield>
<datafield tag="035" ind1="9" ind2=" ">
<subfield code="a">NYUb12227893</subfield>
</datafield>
<datafield tag="035" ind1=" " ind2=" ">
<subfield code="a">(CStRLIN)EGAG99-B3527</subfield>
</datafield>
<datafield tag="040" ind1=" " ind2=" ">
<subfield code="a">DLC</subfield>
<subfield code="c">TKN</subfield>
<subfield code="d">TKN</subfield>
<subfield code="d">CUY</subfield>
<subfield code="d">RPB</subfield>
<subfield code="d">UaCaAUL</subfield>
</datafield>
<datafield tag="050" ind1="0" ind2=" ">
<subfield code="a">BP191</subfield>
<subfield code="b">.I16</subfield>
</datafield>
<datafield tag="066" ind1=" " ind2=" ">
<subfield code="c">(3</subfield>
</datafield>
<datafield tag="100" ind1="1" ind2=" ">
<subfield code="a">Ibn Ḥazm, ʻAlī ibn Aḥmad,</subfield>
<subfield code="d">994-1064</subfield>
<subfield code="6">880-01</subfield>
</datafield>
<datafield tag="240" ind1="1" ind2="0">
<subfield code="6">880-02</subfield>
<subfield code="a">Faṣl fī al-milal wa-al-ahwāʼ wa-al-niḥal</subfield>
</datafield>
<datafield tag="245" ind1="1" ind2="0">
<subfield code="6">880-03</subfield>
<subfield code="a">Kitāb al-faṣl fī al-milal wa-al-ahwāʼ wa-al-niḥal /</subfield>
<subfield code="c">taṣnīf Abī Muḥammad ʻAlī Ibn Ḥazm al-Andalusī al-Ẓāhirī. Wabihāmishih Kitāb al-milal wa-al-niḥal, li-Abī al-Fatḥ ʻAbd al-Karīm al-Shahrastānī.</subfield>
</datafield>
<datafield tag="260" ind1=" " ind2=" ">
<subfield code="6">880-04</subfield>
<subfield code="a">[Baghdad,</subfield>
<subfield code="b">Maktabat al-Muthannā,</subfield>
<subfield code="c">1964?]</subfield>
</datafield>
<datafield tag="300" ind1=" " ind2=" ">
<subfield code="a">5 v. in 2.</subfield>
<subfield code="c">30 cm.</subfield>
</datafield>
<datafield tag="534" ind1=" " ind2=" ">
<subfield code="p">Reprint. Originally published:</subfield>
<subfield code="c">Cairo : [s.n.], 1899-1903.</subfield>
</datafield>
<datafield tag="650" ind1=" " ind2="0">
<subfield code="a">Islamic sects.</subfield>
</datafield>
<datafield tag="700" ind1="1" ind2=" ">
<subfield code="a">Shahrastānī, Muḥammad ibn ʻAbd al-Karīm,</subfield>
<subfield code="d">1086?-1153</subfield>
<subfield code="6">880-05</subfield>
<subfield code="t">Milal wa-al-niḥal.</subfield>
</datafield>
<datafield tag="880" ind1="1" ind2=" ">
<subfield code="6">100-01/</subfield>
<subfield code="a">ابن حزم، علي أحمد،</subfield>
<subfield code="d">994-1064.</subfield>
</datafield>
<datafield tag="880" ind1="1" ind2="2">
<subfield code="6">240-02/</subfield>
<subfield code="a">الفصل في الملل والنحل</subfield>
</datafield>
<datafield tag="880" ind1="1" ind2="0">
<subfield code="6">245-03/</subfield>
<subfield code="a">كتاب الفصل في الملل والنحل /</subfield>
<subfield code="c">تصنيف أبي محمد علي بن حزم الأندلسي الظاهري. وبهامشه كتاب الملل والنحل لأبي الفتح عبد الكريم الشهرستاني.</subfield>
</datafield>
<datafield tag="880" ind1=" " ind2=" ">
<subfield code="6">260-04/</subfield>
<subfield code="a">]بغداد :</subfield>
<subfield code="b">مكتبة المثنى،</subfield>
<subfield code="c">1964?[</subfield>
</datafield>
<datafield tag="880" ind1="1" ind2=" ">
<subfield code="6">700-05/</subfield>
<subfield code="a">شهرستاني، محمد بن عبد الكريم،</subfield>
<subfield code="d">1086?-1153.</subfield>
<subfield code="t">الملل والنحل.</subfield>
</datafield>
<datafield tag="OWN" ind1=" " ind2=" ">
<subfield code="a">GENERAL</subfield>
</datafield>
<datafield tag="950" ind1=" " ind2=" ">
<subfield code="l">BMAIN</subfield>
<subfield code="a">BP191</subfield>
<subfield code="b">.I173 1964</subfield>
</datafield>
<datafield tag="955" ind1=" " ind2=" ">
<subfield code="l">BMAIN</subfield>
<subfield code="c">1:v.1/2</subfield>
<subfield code="r">028091596</subfield>
</datafield>
<datafield tag="955" ind1=" " ind2=" ">
<subfield code="l">BMAIN</subfield>
<subfield code="c">v.3/5</subfield>
<subfield code="r">028854068</subfield>
</datafield>
<datafield tag="998" ind1=" " ind2=" ">
<subfield code="s">9115</subfield>
</datafield>
<datafield tag="AVA" ind1=" " ind2=" ">
<subfield code="a">NYU50</subfield>
<subfield code="b">BOBST</subfield>
<subfield code="c">Main Collection</subfield>
<subfield code="d">BP191 .I173 1964</subfield>
<subfield code="e">unavailable</subfield>
<subfield code="t">Unavailable</subfield>
<subfield code="f">2</subfield>
<subfield code="g">2</subfield>
<subfield code="h">Y</subfield>
<subfield code="i">0</subfield>
<subfield code="j">MAIN</subfield>
<subfield code="k">0</subfield>
</datafield>
</record>
